@inproceedings{Minoi,
  title={Mobile vision-based automatic counting of bacteria colonies},
  author={Minoi, Jacey-Lynn and Chiang, Tin Tze and Lim, Terrin and Yusoff, Zaharin and Karim, Abdul Hafiz Abdul and Zulharnain, Azham},
  booktitle={2016 International Conference on Information and Communication Technology (ICICTM)},
  pages={41--46},
  year={2016},
  organization={IEEE},
  DOI={10.1109/ICICTM.2016.7890774}
}

@inproceedings{Xuan,
  title={An improved canny edge detection algorithm},
  author={Xuan, Li and Hong, Zhang},
  booktitle={2017 8th IEEE international conference on software engineering and service science (ICSESS)},
  pages={275--278},
  year={2017},
  organization={IEEE},
  doi={10.1109/ICSESS.2017.8342913}
}

@inproceedings{Raid,
  title={Image restoration based on morphological operations},
  author={Raid, AM and Khedr, WM and El-Dosuky, MA and Aoud, Mona},
  journal={International Journal of Computer Science, Engineering and Information Technology (IJCSEIT)},
  volume={4},
  number={3},
  pages={9--21},
  year={2014}
}

@inproceedings{Rakesh,
  title={Skeletonization algorithm for numeral patterns},
  author={Rakesh, Gupta and Rajpreet, Kaur},
  journal={International Journal of Signal Processing, Image Processing and Pattern Recognition},
  volume={1},
  number={1},
  pages={63--72},
  year={2008}
}

@inproceedings{Lakshmi,
  title={Image registration techniques based on the scale invariant feature transform},
  author={Lakshmi, K Divya and Vaithiyanathan, V},
  journal={IETE Technical Review},
  volume={34},
  number={1},
  pages={22--29},
  year={2017},
  publisher={Taylor \& Francis},
  DOI={https://doi.org/10.1080/02564602.2016.1141076}
}

@inproceedings{Riddarhaage,
  title={Classi: Bakterieklassificerare f{\"o}r minskad antibiotikaanv{\"a}ndning inom mj{\"o}lkindustrin},
  author={Riddarhaage, Teodor and Ayoub, Ilian and Gefvert, Anton and Van Gheel, David and Habib, Christian and Ros{\'e}n, Carl and Sievert, Rolf},
  year={2018}
}

@inproceedings{Duda,
  title={Use of the Hough transformation to detect lines and curves in pictures},
  author={Duda, Richard O and Hart, Peter E},
  journal={Communications of the ACM},
  volume={15},
  number={1},
  pages={11--15},
  year={1972},
  publisher={ACM New York, NY, USA}
}

@inproceedings{Nag,
   title={Image Registration Techniques: A Survey},
   publisher={Center for Open Science},
   author={Nag, Sayan},
   year={2017},
   DOI={10.31224/osf.io/rv65c},
}

@inproceedings{Zitova,
  title={Image registration methods: a survey},
  author={Zitova, Barbara and Flusser, Jan},
  journal={Image and vision computing},
  volume={21},
  number={11},
  pages={977--1000},
  year={2003},
  publisher={Elsevier},
  doi={https://doi.org/10.1016/S0262-8856(03)00137-9}
}

@inproceedings{Chaumette,
  title={Image moments: a general and useful set of features for visual servoing},
  author={Chaumette, Fran{\c{c}}ois},
  journal={IEEE Transactions on Robotics},
  volume={20},
  number={4},
  pages={713--723},
  year={2004},
  publisher={IEEE},
  doi={10.1109/TRO.2004.829463}
}

%color segmentation
@inproceedings{Rahmat,
  title={Skin color segmentation using multi-color space threshold},
  author={Rahmat, Romi Fadillah and Chairunnisa, Tengku and Gunawan, Dani and Sitompul, Opim Salim},
  booktitle={2016 3rd International Conference on Computer and Information Sciences (ICCOINS)},
  pages={391--396},
  year={2016},
  organization={IEEE},
  doi={10.1109/ICCOINS.2016.7783247}
}

@inproceedings{Huang,
author = {Huang, Zhihu and Leng, J.},
year = {2010},
month = {05},
pages = {V7-476 },
title = {Analysis of Hu's moment invariants on image scaling and rotation},
volume = {7},
journal = {Proc. of 2nd International Conference on Computer Engineering and Technology (ICCET},
doi = {10.1109/ICCET.2010.5485542}
}

@inproceedings{Fischler,
author = {Fischler, Martin A. and Bolles, Robert C.},
title = {Random Sample Consensus: A Paradigm for Model Fitting with Applications to Image Analysis and Automated Cartography},
year = {1981},
issue_date = {June 1981},
publisher = {Association for Computing Machinery},
address = {New York, NY, USA},
volume = {24},
number = {6},
issn = {0001-0782},
url = {https://doi.org/10.1145/358669.358692},
doi = {10.1145/358669.358692}
}
  


@article{Suzuki,
title = "Topological structural analysis of digitized binary images by border following",
journal = "Computer Vision, Graphics, and Image Processing",
volume = "30",
number = "1",
pages = "32 - 46",
year = "1985",
issn = "0734-189X",
doi = "https://doi.org/10.1016/0734-189X(85)90016-7",
url = "http://www.sciencedirect.com/science/article/pii/0734189X85900167",
author = "Satoshi Suzuki and KeiichiA be",
}

@article{Limare,
    title   = {{Simplest Color Balance}},
    author  = {Limare, Nicolas and Lisani, Jose-Luis and Morel, Jean-Michel and Petro, Ana Bel√©n and Sbert, Catalina},
    journal = {{Image Processing On Line}},
    volume  = {1},
    pages   = {297--315},
    year    = {2011},
    doi     = {10.5201/ipol.2011.llmps-scb},
}

%Related work adjusted canny edge for noisy images
@inproceedings{Nikolic,
  title={Edge detection in medical ultrasound images using adjusted Canny edge detection algorithm},
  author={Nikolic, Marina and Tuba, Eva and Tuba, Milan},
  booktitle={2016 24th Telecommunications Forum (TELFOR)},
  pages={1--4},
  year={2016},
  organization={IEEE},
  DOI={10.1109/TELFOR.2016.7818878}
}

%Related work on canny edge detection noisy iamges
@inproceedings{Rong,
  title={An improved CANNY edge detection algorithm},
  author={Rong, Weibin and Li, Zhanjing and Zhang, Wei and Sun, Lining},
  booktitle={2014 IEEE International Conference on Mechatronics and Automation},
  pages={577--582},
  year={2014},
  organization={IEEE},
  DOI={10.1109/ICMA.2014.6885761}
}
%Related work study between edge detection techniques
@inproceedings{Genesan,
  title={A comprehensive study of edge detection for image processing applications},
  author={Ganesan, P and Sajiv, G},
  booktitle={2017 International Conference on Innovations in Information, Embedded and Communication Systems (ICIIECS)},
  pages={1--6},
  year={2017},
  organization={IEEE},
  DOI={10.1109/ICIIECS.2017.8275968}
}

%Hough Transform 
@inproceedings{Soltany,
    author = {Soltani, Milad and Zadeh, Saeid and Pourreza, Hamid},
    title = {Fast and Accurate Pupil Positioning Algorithm using Circular Hough Transform and Gray Projection},
    journal = {Reaserchgate},
    pages={556--561},
    year = {2011},
    DOI = {}
}

@article{Divya,
  title={Human Eye Pupil Detection Technique Using Circular Hough Transform},
  author={Divya, S and Dhivya, AD},
  journal={International Journal},
  volume={7},
  number={2},
  pages={116--118},
  year={2019}
}

%Related work image registration
@article{Saxena,
  title={A survey of recent and classical image registration methods},
  author={Saxena, Siddharth and Singh, Rajeev Kumar},
  journal={International journal of signal processing, image processing and pattern recognition},
  volume={7},
  number={4},
  pages={167--176},
  year={2014},
  DOI={http://dx.doi.org/10.14257/ijsip.2014.7.4.16}
}

%Related work image registration
@article{Zitova,
  title={Image registration methods: a survey},
  author={Zitova, Barbara and Flusser, Jan},
  journal={Image and vision computing},
  volume={21},
  number={11},
  pages={977--1000},
  year={2003},
  publisher={Elsevier}
}

%RANSAC
@inproceedings{Bozomitu,
  title={Pupil detection algorithm based on RANSAC procedure},
  author={Bozomitu, Radu Gabriel and P{\u{a}}s{\u{a}}ric{\u{a}}, Alexandru and Lupu, Robert Gabriel and Rotariu, Cristian and Coca, Eugen},
  booktitle={2017 International Symposium on Signals, Circuits and Systems (ISSCS)},
  pages={1--4},
  year={2017},
  organization={IEEE},
  doi={10.1109/ISSCS.2017.8034891}
}

%RANSAC ellipse fitting
@inproceedings{Xie, 
  title={Efficient detection of ellipses from an image by a guided modified ransac},
  author={Xie, Yingdi and Ohya, Jun},
  booktitle={Image Processing: Algorithms and Systems VII},
  volume={7245},
  pages={72450W},
  year={2009},
  organization={International Society for Optics and Photonics},
  doi={https://doi.org/10.1117/12.805891}
}
% if your bibliography style doesn't support doi fields:
    note    = {\url{https://doi.org/10.5201/ipol.2011.llmps-scb}}


%@article{title,
%    author = {},
%    title = {{}},
%    journal = {},
%    pages = {},
%    year = {},
%    DOI = {}
%}